@article{shih2013positive,
  title={Positive stochastic matrices as contraction maps},
  author={Shih, Mau-Hsiang and Takahashi, Wataru},
  journal={Journal {N}onlinear and {C}onvex {A}nalysis},
  volume={14},
  pages={649--651},
  year={2013}
}

@article{borobia1992geometric,
  title={A geometric proof of the Perron-Frobenius theorem},
  author={Borobia, Alberto and Tr{\'\i}as, Uju{\'e} R},
  journal={Rev. Mat. Univ. Complut. Madrid},
  volume={5},
  number={1},
  pages={57--63},
  year={1992}
}

@book{border,
  title={Fixed point theorems with applications to economics and game theory},
  author={Border, Kim C},
  year={1989},
  publisher={Cambridge University Press}
}

@article{gale,
  title={The game of Hex and the Brouwer fixed-point theorem},
  author={Gale, David},
  journal={The {A}merican {M}athematical {M}onthly},
  volume={86},
  number={10},
  pages={818--827},
  year={1979},
  publisher={Taylor \& Francis}
}

@misc{coughlin,
  title={The no retraction theorem and a generalization},
  author={Coughlin, Jack},
  year={2011}
}

@article{buxton,
  title={Brouwer Fixed-Point Theorem},
  author={Buxton, Colin},
  year={2016}
}

@article{kannai,
  title={An elementary proof of the no-retraction theorem},
  author={Kannai, Yakar},
  journal={The American Mathematical Monthly},
  volume={88},
  number={4},
  pages={264--268},
  year={1981},
  publisher={Taylor \& Francis}
}

@article{kohlberg,
  title={The contraction mapping approach to the {P}erron-{F}robenius theory: Why {H}ilbert's metric?},
  author={Kohlberg, Elon and Pratt, John W},
  journal={Mathematics of {O}perations {R}esearch},
  volume={7},
  number={2},
  pages={198--210},
  year={1982},
  publisher={INFORMS}
}

@book{meyer2000matrix,
  title={Matrix analysis and applied linear algebra},
  author={Meyer, Carl D},
  volume={71},
  year={2000},
  publisher={Siam}
}

