@article{shannon1948mathematical,
  title={A {M}athematical {T}heory of {C}ommunication},
  author={Shannon, Claude Elwood},
  journal={The Bell {S}ystem {T}echnical {J}ournal},
  volume={27},
  number={3},
  pages={379--423},
  year={1948},
  publisher={Nokia Bell Labs}
