@article{marr1979computational,
  title={A computational theory of human stereo vision},
  author={Marr, David and Poggio, Tomaso},
  journal={Proceedings of the {R}oyal {S}ociety of {L}ondon. Series B. Biological Sciences},
  volume={204},
  number={1156},
  pages={301--328},
  year={1979},
  publisher={The Royal Society London}
}