@article{shih2013positive,
  title={Positive stochastic matrices as contraction maps},
  author={Shih, Mau-Hsiang and Takahashi, Wataru},
  journal={Journal {N}onlinear and {C}onvex {A}nalysis},
  volume={14},
  pages={649--651},
  year={2013}
}a

