@article{marr1979computational,
  title={A computational theory of human stereo vision},
  author={Marr, David and Poggio, Tomaso},
  journal={Proceedings of the {R}oyal {S}ociety of {L}ondon. Series B. Biological Sciences},
  volume={204},
  number={1156},
  pages={301--328},
  year={1979},
  publisher={The Royal Society London}
}

@article{carhart2022canalization,
  title={Canalization and plasticity in psychopathology},
  author={Carhart-Harris, RL and Chandaria, S and Erritzoe, DE and Gazzaley, A and Girn, M and Kettner, H and Mediano, PAM and Nutt, DJ and Rosas, FE and Roseman, L and others},
  journal={Neuropharmacology},
  pages={109398},
  year={2022},
  publisher={Elsevier}
}

@article{johnson2016principia,
  title={Principia Qualia},
  author={Johnson, M},
  journal={URL https://opentheory. net/2016/11/principia-qualia},
  volume={100},
  pages={013002},
  year={2016}
}

@article{ellis2019dynamical,
  title={The dynamical emergence of biology from physics: branching causation via biomolecules},
  author={Ellis, George FR and Kopel, Jonathan},
  journal={Frontiers in physiology},
  volume={9},
  pages={1966},
  year={2019},
  publisher={Frontiers Media SA}
}

@article{erbas2018molecular,
  title={Molecular logic gates: the past, present and future},
  author={Erbas-Cakmak, Sundus and Kolemen, Safacan and Sedgwick, Adam C and Gunnlaugsson, Thorfinnur and James, Tony D and Yoon, Juyoung and Akkaya, Engin U},
  journal={Chemical Society Reviews},
  volume={47},
  number={7},
  pages={2228--2248},
  year={2018},
  publisher={Royal Society of Chemistry}
}

@book{hofstadter2007strange,
  title={I am a strange loop},
  author={Hofstadter, Douglas R},
  year={2007},
  publisher={Basic books}
}