@book{sutton2018,
  title={{R}einforcement {L}earning: {A}n {I}ntroduction},
  author={Sutton, Richard S and Barto, Andrew G},
  year={2018},
  publisher={MIT press}
}